@book{Dobr_phys02,
  title={Физика фильтрационного горения газов},
  author={Добрего, К.В and Жданок, С.А},
  year={2002},
  publisher={Минск},
  language={russian},
  pages={200}

}